<?xml version="1.0" encoding="UTF-8"?>
<collection xmlns:xsi="http://www.w3.org/2001/XMLSchema-instance" xsi:schemaLocation="http://www.loc.gov/MARC21/slim http://www.loc.gov/standards/marcxml/schema/MARC21slim.xsd" xmlns="http://www.loc.gov/MARC21/slim">
<record>
  <leader>01176cam a2200301Mi 4500</leader>
  <controlfield tag="001">6723857</controlfield>
  <controlfield tag="003">NNC</controlfield>
  <controlfield tag="005">20160718182719.0</controlfield>
  <controlfield tag="006">a           000 0 </controlfield>
  <controlfield tag="008">060308s1912    le            000 0 ara d</controlfield>
  <datafield tag="035" ind1=" " ind2=" ">
    <subfield code="a">(OCoLC)615487252</subfield>
  </datafield>
  <datafield tag="035" ind1=" " ind2=" ">
    <subfield code="a">(OCoLC)ocn615487252</subfield>
  </datafield>
  <datafield tag="035" ind1=" " ind2=" ">
    <subfield code="a">(NNC)6723857</subfield>
  </datafield>
  <datafield tag="040" ind1=" " ind2=" ">
    <subfield code="a">HEBIS</subfield>
    <subfield code="b">ger</subfield>
    <subfield code="c">HEBIS</subfield>
  </datafield>
  <datafield tag="041" ind1="0" ind2=" ">
    <subfield code="a">ara</subfield>
  </datafield>
  <datafield tag="245" ind1="0" ind2="0">
    <subfield code="a">Synaxarium Alexandrinum</subfield>
    <subfield code="c">ed. [et] interpretatus est Iacobus Forget</subfield>
    <subfield code="n">T. 2, Textus</subfield>
  </datafield>
  <datafield tag="260" ind1=" " ind2=" ">
    <subfield code="a">Beryti :</subfield>
    <subfield code="b">Typogr. Catholico,</subfield>
    <subfield code="c">1912.</subfield>
  </datafield>
  <datafield tag="300" ind1=" " ind2=" ">
    <subfield code="a">356 p. ;</subfield>
    <subfield code="c">25 cm.</subfield>
  </datafield>
  <datafield tag="490" ind1="1" ind2=" ">
    <subfield code="a">Corpus scriptorum Christianorum Orientalium ;</subfield>
    <subfield code="v">11 = Ser. 3, T. 19</subfield>
  </datafield>
  <datafield tag="490" ind1="1" ind2=" ">
    <subfield code="a">Corpus scriptorum christianorum Orientalium</subfield>
    <subfield code="v">[67]</subfield>
  </datafield>
  <datafield tag="490" ind1="1" ind2=" ">
    <subfield code="a">Corpus scriptorum christianorum orientalium / Scriptores Arabici</subfield>
    <subfield code="v">[11] = Ser. 3, T. 19</subfield>
  </datafield>
  <datafield tag="490" ind1="1" ind2=" ">
    <subfield code="a">Corpus scriptorum Christianorum orientalium</subfield>
    <subfield code="v">[67]</subfield>
  </datafield>
  <datafield tag="773" ind1="1" ind2="8">
    <subfield code="w">172371759</subfield>
  </datafield>
  <datafield tag="830" ind1=" " ind2="0">
    <subfield code="a">Corpus scriptorum Christianorum Orientalium ;</subfield>
    <subfield code="v">v. 67.</subfield>
  </datafield>
  <datafield tag="830" ind1=" " ind2="0">
    <subfield code="a">Corpus scriptorum Christianorum Orientalium.</subfield>
    <subfield code="p">Scriptores Arabici ;</subfield>
    <subfield code="v">11 = Ser. 3, T. 19.</subfield>
  </datafield>
  <datafield tag="830" ind1=" " ind2="0">
    <subfield code="a">Corpus scriptorum Christianorum Orientalium ;</subfield>
    <subfield code="v">11 = Ser. 3, T. 19.</subfield>
  </datafield>
  <datafield tag="955" ind1=" " ind2=" ">
    <subfield code="b">CU02998882</subfield>
    <subfield code="d">off,uts</subfield>
    <subfield code="e">GL41 C82</subfield>
    <subfield code="v">v.11 (67)</subfield>
  </datafield>
</record>
</collection>